<?xml version="1.0" encoding="UTF-8"?><collection xmlns="http://www.loc.gov/MARC21/slim"><record><leader>00385nam--2200121-i-4500</leader><controlfield tag="001">000038691</controlfield><controlfield tag="002">20161230</controlfield><controlfield tag="005">20161230201041</controlfield><controlfield tag="008">060222s1000------------r-----000-0-eng-d</controlfield><datafield ind1=" " ind2=" " tag="080"><subfield code="a">621.78</subfield></datafield><datafield ind1=" " ind2=" " tag="245"><subfield code="a">Reglarea automata a temperaturii cuptoarelor de tratament termic incalzite cu gaz metan. din experienta uzinei steagul rosu</subfield></datafield><datafield ind1=" " ind2=" " tag="260"><subfield code="a">Bucuresti, Idt, F.An. 32 P. + 2 Pl</subfield></datafield><datafield ind1=" " ind2=" " tag="852"><subfield code="a">26512</subfield></datafield></record></collection>